@book{gihman1973,
    author = {Gihman, {Iosif I.} and Skorohod, {Anatolij V.}},
    publisher = {New York: Springer-Verlag},
    title = {{The theory of stochastic processes II}},
    year = {1973}
}
@book{gihman1974,
    author = {Gihman, {Iosif I.} and Skorohod, {Anatolij V.}},
    publisher = {New York: Springer-Verlag},
    title = {{The theory of stochastic processes II}},
    year = {1974}
}